@article{ionos_webframeworks,
  title  = {Webframeworks – Überblick und Klassifizierung},
  author = {Ionos},
  year   = {2022},
  url    = {https://www.ionos.de/digitalguide/websites/web-entwicklung/webframeworks-ein-ueberblick/},
  note   = {Abgerufen am 31.05.2024}
}

@article{ionos_jsframeworks,
  title  = {Die beliebtesten JavaScript-Frameworks und -Bibliotheken},
  author = {Ionos},
  year   = {2023},
  url    = {https://www.ionos.at/digitalguide/websites/web-entwicklung/beliebte-javascript-frameworks-und-bibliotheken/},
  note   = {Abgerufen am 31.05.2024}
}

@article{angular,
  title  = {Was sind Angular und AngularJS?},
  author = {Angular.de},
  year   = {2017},
  url    = {https://angular.de/artikel/was-ist-angular/},
  note   = {Abgerufen am 31.05.2024}
}

@article{vuejs,
  title  = {Einführung},
  author = {Vue.js},
  url    = {https://vuejs.org/guide/introduction.html},
  note   = {Abgerufen am 31.05.2024}
}

@article{kinsta,
  title  = {Angular vs. Vue: Ein Kopf-an-Kopf-Vergleich},
  author = {Kinsta},
  year   = {2023},
  url    = {https://kinsta.com/de/blog/angular-vs-vue/#angular-vs-vue-hnlichkeiten-und-gemeinsamkeiten},
  note   = {Abgerufen am 31.05.2024}
}

@article{mdn_dom,
  author  = {{MDN Web Docs}},
  title   = {Introduction to the DOM},
  journal = {MDN Web Docs},
  year    = {2024},
  url     = {https://developer.mozilla.org/en-US/docs/Web/API/Document_Object_Model/Introduction},
  urldate = {2024-06-25}
}

@online{mdn-js-guide,
  author = {Mozilla Developer Network},
  title  = {JavaScript Guide},
  url    = {https://developer.mozilla.org/en-US/docs/Web/JavaScript/Guide},
  note   = {Accessed: 2024-06-25}
}

@online{moldstud2024,
  author  = {MoldStud},
  title   = {Creating Dynamic Web Content with JavaScript and jQuery},
  year    = {2024},
  month   = {2},
  url     = {https://moldstud.com/articles/p-creating-dynamic-web-content-with-javascript-and-jquery},
  urldate = {2024-06-25}
}

@online{angular-io,
  author  = {Angular Team},
  title   = {Angular},
  year    = {2024},
  url     = {https://angular.io/},
  urldate = {2024-06-25},
  note    = {Accessed: 2024-06-25}
}

@online{vue-js,
  author  = {Vue.js Contributors},
  title   = {Vue.js},
  year    = {2024},
  url     = {https://vuejs.org/},
  urldate = {2024-06-25},
  note    = {Accessed: 2024-06-25}
}
